<?xml version="1.0" encoding="UTF-8"?><collection xmlns="http://www.loc.gov/MARC21/slim"><record><leader>00507nam--2200157-i-4500</leader><controlfield tag="001">000017285</controlfield><controlfield tag="002">20161230</controlfield><controlfield tag="005">20161230201032</controlfield><controlfield tag="008">060222s1000------------r-----000-0-eng-d</controlfield><datafield ind1=" " ind2=" " tag="020"><subfield code="a">92-826-3</subfield></datafield><datafield ind1=" " ind2=" " tag="080"><subfield code="a">341.217(4):330.34</subfield></datafield><datafield ind1=" " ind2=" " tag="100"><subfield code="a">F. Lehner</subfield></datafield><datafield ind1=" " ind2=" " tag="245"><subfield code="a">Anthropocentric production systems: the eutrop ean response to advanced manufacturing and glo balization</subfield></datafield><datafield ind1=" " ind2=" " tag="260"><subfield code="a">Luxembourg: Office For Official Publications Of The European Communities, 1992 123 P</subfield></datafield><datafield ind1=" " ind2=" " tag="490"><subfield code="a">Eur 13969 En</subfield></datafield><datafield ind1=" " ind2=" " tag="852"><subfield code="a">80186</subfield></datafield></record></collection>